@misc{MiOIB,
  title={Materia³y do wyk³adu ,,{M}etaheurystyki i Obliczenia Inspirwane Biologicznie''},
  author={Maciej Komosiñski},
  year={2008},
  howpublished={Lecture notes}
}

@book{Goldberg-2002,
  title={The Design of Innovation: Lessons from and for Competent Genetic Algorithms},
  author={Goldberg, D. E.},
  year={2002},
  publisher={Kluwer Academic Publishers}
}

